<record xmlns="http://www.loc.gov/MARC21/slim" xmlns:xsi="http://www.w3.org/2001/XMLSchema-instance" xsi:schemaLocation="http://www.loc.gov/MARC21/slim http://www.loc.gov/standards/marcxml/schema/MARC21slim.xsd"><leader>01780nam a2200385   4500</leader><controlfield tag="001">2463117</controlfield><controlfield tag="003">NIC</controlfield><controlfield tag="006">m        d        </controlfield><controlfield tag="007">cr cn |||m|||a</controlfield><controlfield tag="008">150116s1951    le      od    000 0 eng d</controlfield><datafield ind1=" " ind2=" " tag="040"><subfield code="a">NNU</subfield><subfield code="b">eng</subfield><subfield code="c">NNU</subfield></datafield><datafield ind1="0" ind2=" " tag="041"><subfield code="a">ara</subfield><subfield code="a">eng</subfield></datafield><datafield ind1="1" ind2="4" tag="050"><subfield code="a">PJ6640</subfield><subfield code="b">.H3 1951</subfield></datafield><datafield ind1=" " ind2=" " tag="051"><subfield code="c">Copy 2.</subfield></datafield><datafield ind1="1" ind2=" " tag="100"><subfield code="6">880-01</subfield><subfield code="a">Hava, J. G.</subfield></datafield><datafield ind1="0" ind2="0" tag="240"><subfield code="a">Arabic-English Dictionary.</subfield><subfield code="l">Arabic.</subfield></datafield><datafield ind1="1" ind2="0" tag="245"><subfield code="6">880-02</subfield><subfield code="a">al-Fara&#772;&#700;id al-durri&#772;yah fi&#772; al-lughatayn al-&#699;Arabi&#772;yah wa-al-Inkilizi&#772;yah</subfield><subfield code="h">[electronic resource] :</subfield><subfield code="b">Arabic-English dictionary.</subfield></datafield><datafield ind1="1" ind2="4" tag="246"><subfield code="6">880-03</subfield><subfield code="a">Fara&#772;&#700;id al-durri&#772;yah</subfield><subfield code="b">&#699;Arabi&#772; - Inkli&#772;zI&#772;</subfield></datafield><datafield ind1=" " ind2=" " tag="260"><subfield code="a">Beirut,</subfield><subfield code="b">Catholic Press</subfield><subfield code="c">[1951]</subfield></datafield><datafield ind1=" " ind2=" " tag="300"><subfield code="a">online resource (915 p.)</subfield></datafield><datafield ind1=" " ind2=" " tag="500"><subfield code="a">Romanized.</subfield></datafield><datafield ind1=" " ind2=" " tag="500"><subfield code="a">Part of the Arabic Collections Online (ACO) project, contributed by Cornell University Libraries.</subfield></datafield><datafield ind1=" " ind2=" " tag="533"><subfield code="a">Electronic reproduction.</subfield><subfield code="b">New York, N.Y. :</subfield><subfield code="c">New York University,</subfield><subfield code="d">2015.</subfield><subfield code="5">NNU</subfield></datafield><datafield ind1=" " ind2="0" tag="650"><subfield code="a">Arabic language</subfield><subfield code="x">Dictionaries</subfield><subfield code="x">English.</subfield></datafield><datafield ind1=" " ind2="7" tag="650"><subfield code="a">Arabic language.</subfield><subfield code="2">fast</subfield><subfield code="0">(OCoLC)fst00812287</subfield></datafield><datafield ind1=" " ind2="7" tag="655"><subfield code="a">Dictionaries.</subfield><subfield code="2">fast</subfield><subfield code="0">(OCoLC)fst01423826</subfield></datafield><datafield ind1="2" ind2=" " tag="710"><subfield code="a">Cornell University.</subfield><subfield code="b">Libraries.</subfield></datafield><datafield ind1="0" ind2=" " tag="730"><subfield code="a">Arabic Collections Online.</subfield></datafield><datafield ind1="0" ind2="8" tag="776"><subfield code="i">Print version:</subfield><subfield code="a">Hava, J. G.</subfield><subfield code="t">al-Fara&#772;&#700;id al-durri&#772;yah fi&#772; al-lughatayn al-&#699;Arabi&#772;yah wa-al-Inkilizi&#772;yah</subfield><subfield code="w">(NIC)2463117</subfield><subfield code="w">(DLC)ne 64000370 </subfield><subfield code="w">(OCoLC)78567911</subfield></datafield><datafield ind1="4" ind2="0" tag="856"><subfield code="u">http://hdl.handle.net/2333.1/fn2z3728</subfield></datafield><datafield ind1="1" ind2=" " tag="880"><subfield code="6">100-01/r</subfield><subfield code="a">&#1607;&#1575;&#1704;&#1575;&#1548; &#1580;. &#1580;.</subfield></datafield><datafield ind1="1" ind2="2" tag="880"><subfield code="6">245-02/r</subfield><subfield code="a">&#1575;&#1604;&#1601;&#1585;&#1575;&#1574;&#1583; &#1575;&#1604;&#1583;&#1585;&#1610;&#1577; :</subfield><subfield code="b">&#1601;&#1610; &#1575;&#1604;&#1604;&#1594;&#1578;&#1610;&#1606; &#1575;&#1604;&#1593;&#1585;&#1576;&#1610;&#1577; &#1608;&#1575;&#1604;&#1573;&#1606;&#1603;&#1604;&#1610;&#1586;&#1610;&#1577; /</subfield><subfield code="c">J. G. Hava.</subfield></datafield><datafield ind1="1" ind2="4" tag="880"><subfield code="6">246-03/r</subfield><subfield code="a">&#1601;&#1585;&#1575;&#1574;&#1583; &#1575;&#1604;&#1583;&#1585;&#1610;&#1577;</subfield><subfield code="b">&#1593;&#1585;&#1576;&#1610; - &#1575;&#1606;&#1603;&#1604;&#1610;&#1586;&#1610;</subfield></datafield><datafield ind1=" " ind2=" " tag="959"><subfield code="a">NNU</subfield><subfield code="b">WEB</subfield><subfield code="c">GENI</subfield><subfield code="t">0</subfield><subfield code="m">Electronic access</subfield><subfield code="s">01</subfield></datafield><datafield ind1=" " ind2=" " tag="999"><subfield code="i">NIC_2463117</subfield><subfield code="o">(OCoLC)ocm78567911</subfield></datafield></record>